<?xml version="1.0" encoding="UTF-8"?><collection xmlns="http://www.loc.gov/MARC21/slim"><record><leader>00479nam--2200181-i-4500</leader><controlfield tag="001">000045919</controlfield><controlfield tag="002">20161230</controlfield><controlfield tag="005">20161230201045</controlfield><controlfield tag="008">060222s1000------------r-----000-0-ger-d</controlfield><datafield ind1=" " ind2=" " tag="040"><subfield code="a">IFIN-HH</subfield></datafield><datafield ind1=" " ind2=" " tag="041"><subfield code="a">ger</subfield></datafield><datafield ind1=" " ind2=" " tag="080"><subfield code="a">541.1(075.8)</subfield></datafield><datafield ind1="1" ind2=" " tag="100"><subfield code="a">Ulich, Hermann</subfield></datafield><datafield ind1="1" ind2="0" tag="245"><subfield code="a">Kurzes lehrbuch der physikalischen chemie</subfield><subfield code="c">Hermann ulich</subfield></datafield><datafield ind1=" " ind2=" " tag="260"><subfield code="a">Dresden</subfield><subfield code="b">Verlag Von Theodor Steinkopff</subfield><subfield code="c">1940</subfield></datafield><datafield ind1=" " ind2=" " tag="300"><subfield code="a">XVI + 324P</subfield></datafield><datafield ind1=" " ind2=" " tag="852"><subfield code="a">44480</subfield><subfield code="c">H.H</subfield></datafield><datafield ind1=" " ind2=" " tag="CAT"><subfield code="a">Sys</subfield><subfield code="c">20130409</subfield><subfield code="h">130802</subfield></datafield></record></collection>